
@Book{trottenberg01,
author = {Ulrich Trottenberg and Cornelis Oosterlee and Anton Sch\"{u}ller},
title = {Multigrid},
publisher = {Academic Press},
year = {2001}
}

@book{ciarlet79,
author = "Philippe G. Ciarlet",
title = "The finite element method for elliptic problems",
year = "1979",
publisher = "North-Holland Publishing Company"
}
