@misc{Bullet,
  author = {Erwin Coumans and et al.},
  title = {Bullet Physics Library},
  howpublished = "\url{http://bulletphysics.org/}",
  year = {2015}, 
  note = "[Online; accessed 17-November-2015]"
}

@misc{CMake,
  author = {Andy Cedilnik and Bill Hoffman  and Brad King and Ken Martin and Alexander Neundorf},
  title = {CMake},
  howpublished = "\url{https://cmake.org/}",
  year = {2000}, 
  note = "[Online; accessed 17-November-2015]"
}

@misc{Doxygen,
  author = {Dimitri van Heesch},
  title = {Doxygen},
  howpublished = "\url{http://www.stack.nl/~dimitri/doxygen/}",
  year = {1997}, 
  note = "[Online; accessed 17-November-2015]"
}
